% ------------------------------------------------------------------------
% BIBLIOGRAPHY FILE
% ------------------------------------------------------------------------
%--------------CHAPTER3---------------------------------------------------

@electronic{ISO11179,
	author = {International Standards Organisation},
	title = {International Standard for Metadata Registries},  
	url="http://metadata-standards.org/11179/",
}
@electronic{ISO20943,
	author = {International Standards Organisation},
	title = {ISO/IEC Technical Report},  
	url="http://metadata-standards.org/20943 ",
}

@electronic{ISOFORMS,
	author = {{International Standards Organisation}},
	title = {International {S}tandard for {M}etadata {R}egistries},  
	url="http://metadata-standards.org/19763/",
}

@electronic{NIHR,
	title = { National Institute for Health Research},
	url="http://www.nihr.ac.uk/"
}

@electronic{UML,
	author = {OMG},
	title = { Unified Modelling Language},
	url="http://www.uml.org//"
}

@inproceedings{crichton2009metadata,
	title={Metadata-driven software for clinical trials},
	author={Crichton, Charles and Davies, Jim and Gibbons, Jeremy and Harris, Steve and Tsui, Andrew and Brenton, James},
	booktitle={Proceedings of the 2009 ICSE Workshop on Software Engineering in Health Care},
	pages={1--11},
	year={2009},
	organization={IEEE Computer Society}
}

@electronic{jena,
	author = {W3C},
	title = {Apache Jena is a Java framework for building Semantic Web applications.},  
	url="http://jena.apache.org/",
}
@electronic{XSLT,
	author = {W3C},
	title = {{XSL} {T}ransformations ({XSLT}) Version 1.0},
	year = 1999,
	url="http://www.w3.org/TR/xslt"
}
@article{Abler2011,
	title = "Models for Forms",
	author = "Daniel Abler and Charles Crichton and Jim Davies and Steve Harris and James Welch",
	year = "2011",
	journal = "Proceedings of the 11th Workshop on Domain-Specific Modeling",
	month = "October",
	url = "http://www.dsmforum.org/events/DSM11/",
}

@article{Sinaci,
	title = "A federated semantic metadata registry framework for enabling interoperability across clinical research and care domains ",
	journal = "Journal of Biomedical Informatics ",
	volume = "46",
	number = "5",
	pages = "784 - 794",
	year = "2013",
	note = "",
	issn = "1532-0464",
	doi = "http://dx.doi.org/10.1016/j.jbi.2013.05.009",
	url = "http://www.sciencedirect.com/science/article/pii/S1532046413000750",
	author = "A. Anil Sinaci and Gokce B. Laleci Erturkmen",
	keywords = "Interoperability",
	keywords = "Metadata Registry/Repository",
	keywords = "ISO/IEC 11179",
	keywords = "Semantic web",
	keywords = "Linked Data",
	keywords = "Common Data Elements "
}

@article{davi14,
	title = "Model-driven Engineering of Information Systems: 10 years and 1000 versions",
	author = "Jim Davies and Jeremy Gibbons and James Welch and Edward Crichton",
	year = "2014",
	journal = "Science of Computer Programming",
	month = "September",
	pages = "88-104",
	volume = "89B",
	doi = "10.1016/j.scico.2013.02.002",
}

@article{kunz09,
	title={Metadata mapping and reuse in caBIG™},
	author={Kunz, Isaac and Lin, Ming-Chin and Frey, Lewis},
	journal={BMC bioinformatics},
	volume={10},
	number={Suppl 2},
	pages={S4},
	year={2009},
	publisher={BioMed Central Ltd}
}

@article{koma08,
	title={caCORE version 3: Implementation of a model driven, service-oriented architecture for semantic interoperability},
	author={Komatsoulis, George A and Warzel, Denise B and Hartel, Francis W and Shanbhag, Krishnakant and Chilukuri, Ram and Fragoso, Gilberto and de Coronado, Sherri and Reeves, Dianne M and Hadfield, Jillaine B and Ludet, Christophe and others},
	journal={Journal of biomedical informatics},
	volume={41},
	number={1},
	pages={106--123},
	year={2008},
	publisher={Elsevier}
}

@electronic{semanticmdr,
	author = {Various},
	title = {Semantic Metadata Registry},  
	url="https://github.com/srdc/semanticMDR",
}

@incollection{davi12,
	title={Form Follows Function: Model-Driven Engineering for Clinical Trials},
	author={Davies, Jim and Gibbons, Jeremy and Calinescu, Radu and Crichton, Charles and Harris, Steve and Tsui, Andrew},
	booktitle={Foundations of Health Informatics Engineering and Systems},
	pages={21--38},
	year={2012},
	publisher={Springer}
}






%-------------------------------------------------------------------------
@INPROCEEDINGS{semweb,
	author={Nagarajan and Verma and Sheth and Miller and Lathem, J.},
	booktitle={ICWS06. International Conference on Web Services}, 
	title={Semantic Interoperability of Web Services - Challenges and Experiences},
	year={2006},
	pages={373 -382}
} 

@misc{corba,
	author = {OMG},
	title = {CORBA : Common Object Request Broker Architecture},  
	url="http://www.corba.org/"
} 

@misc{ATL,
	author={INRIA},
	title = {Atlas Transformation Language},
	year = {2011},
	url={``https://eclipse.org/atl''}
}

@misc{WSDL,
	author = {Erik Christensen,Francisco Curbera, Greg Meredith, Sanjiva Weerawarana,},
	title = {Web Services Definition Language },
	year = 2001,
	url="http://www.w3.org/TR/wsdl"
}


@misc{SysMod,
	author={SysML open source specification project},
	title = {Systems Modeling Language (SysML) },
	year = {2012},
	url={http://sysml.org/}
}

@article{Codd1970,
 author = {Codd, E. F.},
 title = {A Relational Model of Data for Large Shared Data Banks},
 journal = {Commun. ACM},
 issue_date = {June 1970},
 volume = {13},
 number = {6},
 month = jun,
 year = {1970},
 issn = {0001-0782},
 pages = {377--387},
 numpages = {11},
 url = {http://doi.acm.org/10.1145/362384.362685},
 doi = {10.1145/362384.362685},
 acmid = {362685},
 publisher = {ACM},
 address = {New York, NY, USA},
 keywords = {composition, consistency, data bank, data base, data integrity, data organization, data structure, derivability, hierarchies of data, join, networks of data, predicate calculus, redundancy, relations, retrieval language, security},
}

@misc{MOF14,
	author = {OMG},
	title = {OMG - Meta Object Facility, v1.4},
	year = 2002,
	url="http://doc.omg.org/formal/2002-04-03.pdf"
}
@misc{OCL,
	author = {OMG},
	title = {Object Constraint Language (OCL), Version 2.4 },
	year = 2014,
	url="http://www.omg.org/spec/OCL/2.4/PDF/formal-14-02-03.pdf"
}

@misc{JSON,
	author = {Douglas Crockford},
	title = {JSON - Javascript Object Notation },
	year = {2014},
	url={"http://json.org/''}
}


@misc{QVT,
	author = {OMG},
	title = {Meta Object Facility (MOF) 2.0 Query/View/Transformation, V1.1 },
	year = 2011,
	url="http://www.omg.org/spec/QVT/1.1/PDF/formal-11-01-01.pdf"
}

@article{hoare1969axiomatic,
  title={An axiomatic basis for computer programming},
  author={Hoare, Charles Antony Richard},
  journal={Communications of the ACM},
  volume={12},
  number={10},
  pages={576--580},
  year={1969},
  publisher={ACM}
}

@book{abrial2005b,
  title={The B-Book: Assigning programs to meanings},
  author={Abrial, Jean-Raymond},
  year={2005},
  publisher={Cambridge University Press}
}


@misc{CWM,
	author = {OMG},
	title = {Common Warehouse Metamodel, v1.1 },
	year = 2003,
	url="http://www.omg.org/spec/CWM/1.1/PDF/formal-03-03-02.pdf"
}

@misc{ECORE,
	author = {Eclipse},
	title = {Ecore Tools },
	year = 2008,
	url="http://eclipse.org/ecoretools/"
}


@misc{XSLT,
	author = {W3C},
	title = {XSL Transformations (XSLT)Version 1.0},
	year = 1999,
	url="http://www.w3.org/TR/xslt"
}

@inproceedings{SPOOFAX,
  title = {The {Spoofax} language workbench: rules for declarative specification of languages and {IDEs}},
  author = {Lennart C. L. Kats and Eelco Visser},
  year = {2010},
  doi = {http://doi.acm.org/10.1145/1869459.1869497},
  tags = {programming languages, model-to-model transformation, workbench, semantics, rule-based, Eclipse, meta programming, model editor, graph transformation, meta-model, transformation language, architecture, reuse, model-driven development, graph-rewriting, rules, C++, code completion, code generation, model transformation, programming, language workbench, Spoofax, Meta-Environment, rewriting, parsing, meta-objects, transformation, program transformation, domain-specific language},
  researchr = {http://researchr.org/publication/KatsV10},
  cites = {0},
  citedby = {1},
  pages = {444-463},
  booktitle = {Proceedings of the 25th Annual ACM SIGPLAN Conference on Object-Oriented Programming, Systems, Languages, and Applications, OOPSLA 2010},
  editor = {William R. Cook and Siobhán Clarke and Martin C. Rinard},
  address = {Reno/Tahoe, Nevada},
  publisher = {ACM},
  isbn = {978-1-4503-0203-6},
}

@book{Pierce,
 author = {Pierce, Benjamin C.},
 title = {Types and Programming Languages},
 year = {2002},
 isbn = {0-262-16209-1},
 publisher = {MIT Press},
 address = {Cambridge, MA, USA},
} 


@misc{MPS,
	author = {JetBrains},
	title = { JetBrains : Meta Programming System},
	year = 2003,
	url="https://www.jetbrains.com/mps/"
}

@misc{XText,
	author = {Eclipse},
	title = {XText : Eclipse Project},
	year = 2008,
	url="https://eclipse.org/Xtext/"
}


@misc{MOF242,
	author = {OMG},
	title = {OMG Meta Object Facility (MOF) Core Specification},
	year = 2014,
	url="http://www.omg.org/spec/MOF/2.4.2/PDF/"
}

@book{FowlerDSL,
	author = {Fowler, Martin},
	title = {Domain Specific Languages},
	year = {2010},
	isbn = {0321712943, 9780321712943},
	edition = {1st},
	publisher = {Addison-Wesley Professional},
} 

@Article{DBSheth92,
author = { A. Sheth and V. Kashyap },
title = {So far schematically yet so near semantically},
journal = {Conference on Semantics of Interoperable Database Systems},
publisher = {?},
year = "1992",
}

@Article{DBSheth98,
author = { A. Sheth },
title = {Changing focus on Interoperability in Information Systems, from system, syntax, structure to semantics},
journal = {Interop GIS},
publisher = {?},
year = "1998",
}



@Article{ImplSemWeb,
author = { Benjamin Heitmann, Sheila Kinsella, Conor Hayes, Stefan Decker },
title = {Implementing Semantic Web applications: reference architecture and challenges},
journal = { 5th International Workshop on Semantic Web Enabled Software Engineering},
publisher = {SWESE},
year = "2009",
}

@Article{OOSemWeb,
author = { Matthias Quasthoff and Christoph Meinel },
title = {Supporting Object-Oriented Programming of Semantic-Web Software},
journal = {IEEE TRANSACTIONS ON SYSTEMS, MAN, AND CYBERNETICS},
publisher = {IEEE},
year = "2012",
}

@book{UMLDM,
 author = {David Hay},
 title = {{UML and Data Modelling : A Reconciliation}}, 
 isbn = { 1935504193},
 publisher = {Technics Publications, LLC; },
 year = {2011},
 month={October}, 
}

@book{MDSD,
 author = {Jorg Rech and Christian Bunse},
 title = {{Model Driven Software Development}}, 
 isbn = { 160566006X},
 publisher = {Information Science Reference},
 year = {2008},
 month={August}, 
}



@incollection {verumlocl,
   author = {Cabot, Jordi and Claris,Robert and Riera, Daniel},
   affiliation = {Universitat Oberta de Catalunya, Spain},
   title = {Verifying UML/OCL Operation Contracts},
   booktitle = {Integrated Formal Methods},
   series = {Lecture Notes in Computer Science},
   editor = {Leuschel, Michael and Wehrheim, Heike},
   publisher = {Springer Berlin / Heidelberg},
   isbn = {978-3-642-00254-0},
   keyword = {Computer Science},
   pages = {40-55},
   volume = {5423},
   year = {2009},
}

@INPROCEEDINGS{MDService,
author={Berre, A.-J. and Fangning Liu and Jiucheng Xu and Elvesaeter, B.},
booktitle={Interoperability for Enterprise Software and Applications China, 2009. IESA '09. International Conference on}, title={Model Driven Service Interoperability through Use of Semantic Annotations},
year={2009},
month={april},
volume={},
number={},
pages={90 -96},
keywords={ERP-system;MDA;MEMPOWER architecture;XML-based technology;model driven architecture;model driven service interoperability;ontology-based semantic annotation;XML;object-oriented programming;ontologies (artificial intelligence);open systems;software architecture;},
doi={10.1109/I-ESA.2009.58},
ISSN={},
}

% ------------------------------------------------------------------------
@Article{MOFOnt,
   author = {Ralf Gitzel and Ingo Ott and Martin Schader},
   title = {Ontological Extension to the MOF Metamodel as a Basis for Code Generation },
   year = "2007",
   journal = {The Computer Journal},
   publisher = {British Computer Society},
    volume = {50},
    pages = { 93-115},
}

@Article{TBLeeScienAm,
author = { Tim Berners-Lee, James Hendler, Ora Lassila },
title = {The Semantic Web},
journal = { Scientific American},
publisher = {Scientific American},
year = "2001",
}

@Article{MaSkosGeo,
   author = {Xiaogang M and Emmanuel J.M.Carranza and Chonglong Wu and Freek van der Meer and Gang Liu},
   title = {A SKOS-based multilingual thesaurus of geological time scale for interoperability of online geological maps },
   year = "2011",
   journal = {Computers and Geosciences},
    volume = {37},
    pages = { 1602�1615},
}
@article {alloy2UML,
   author = {Anastasakis, Kyriakos and Bordbar, Behzad and Georg, Geri and Ray, Indrakshi},
   affiliation = {University of Birmingham School of Computer Science Edgbaston Birmingham UK},
   title = {On challenges of model transformation from UML to Alloy},
   journal = {Software and Systems Modeling},
   publisher = {Springer Berlin / Heidelberg},
   issn = {1619-1366},
   keyword = {Computer Science},
   pages = {69-86},
   volume = {9},
   issue = {1},
   year = {2010}
}

%----------------------------------------------------------
@article{LeeComGroups,
 author = {Lee, Jintae and Malone, Thomas},
 title = {Partially shared views: a scheme for communicating among groups that use different type hierarchies},
 journal = {ACM Trans. Inf. Syst.},
 issue_date = {Jan. 1990},
 volume = {8},
 number = {1},
 month = jan,
 year = {1990},
 pages = {1--26},
 numpages = {26},
 publisher = {ACM},
 address = {New York, NY, USA},
} 

@inproceedings{McCarthyMeta,
 author = {McCarthy, John L.},
 title = {Metadata Management for Large Statistical Databases},
 booktitle = {Proceedings of the 8th International Conference on Very Large Data Bases},
 series = {VLDB '82},
 year = {1982},
 isbn = {0-934613-14-1},
 pages = {234--243},
 numpages = {10},
 publisher = {Morgan Kaufmann Publishers Inc.},
 address = {San Francisco, CA, USA},
} 

@Article {dbmetaMcLeod,
   author = {Dennis McLeod},
   title = {A learning-based approach to meta-data evolution in an object-oriented database},
   publisher = {Springer Berlin Heidelberg},
   keyword = {Computer Science},
   pages = {219-224},
   volume = {334},
   year = {1988},
}

@inproceedings{AlloyOCL,
 author = {Garis, Ana and Cunha, Alcino and Riesco, Daniel},
 title = {Translating alloy specifications to UML class diagrams annotated with OCL},
 booktitle = {Proceedings of the 9th international conference on Software engineering and formal methods},
 series = {SEFM'11},
 year = {2011},
 isbn = {978-3-642-24689-0},
 location = {Montevideo, Uruguay},
 pages = {221--236},
 numpages = {16},
 acmid = {2075697},
 publisher = {Springer-Verlag},
 address = {Berlin, Heidelberg},
 keywords = {Alloy, MDE, OCL, UML},
} 

@article{WeilPract,
        author ={Thomas Weigert andFrank Weil },
        title = {Practical Experiences in Using Model-Driven Engineering to Develop Trustworthy Computing Systems},
        journal = {IEEE International Conference on Sensor Networks, Ubiquitous, and Trustworthy Computing (SUTC?Õ06)},
        publisher={ IEEE},
        year = "2006",
}

@article{UMLrules,
        author ={C. Wilke and B. Demuth},
        title = {UML is still inconsistent! How to improve OCL Constraints in the UML 2.3 superstructure}, 
        journal = {EASST Workshop},
        publisher={EASST },
        volume = "36",
        year = "2010",
}

@article{OntProg,
        author ={Dragan Djuric and Vladan Devedzic},
        title = {Incorporating the Ontology Paradigm Into Software Engineering: Enhancing Domain-Driven Programming in Clojure/Java}, 
        journal={Systems, Man, and Cybernetics, Part C: Applications and Reviews, IEEE Transactions on}, 
	year={2012},
	month={jan. },
	volume={42},
	number={1},
	pages={3 -14},
}

@book{UMLMan,
 	author = {James Rumbaugh and Ivar Jacobson and Grady Booch },
 	title = {{The Unified Modeling Language Manual}}, 
 	isbn = {020130998X},
 	publisher = {Addison-Wesley Professional },
 	year = {1999}, 
}

@book{Frankel,
  author = {D. S. Frankel},
  title = {Model Driven Architecture},
  publisher = {Wiley},
  year = {2003}
}


@Article{OCLInconsistant,
author = { Claas Wilke, Birgit Demeuth},
title = { UML is still inconsistent! How to improve OCL Constraints in the UML 2.3 Superstructure },
journal = {  ECEASST Workshop on OCL and Textual Modeling (2010)},
publisher = {ECEASST},
year = "2010",
}
%--------------------------------------------
@Article{OntUML,
author = { Fernando Parreiras, Stefan Staab},
title = {Using Ontologies with UML Class-based Modeling: The TwoUse Approach},
year = "2012",
}

@Article{DbC,
author = { David Milward},
title = {Design by Contract in Model Driven Engineering },
year = "2012",
}

@Article{SemInt,
author = { David Milward},
title = {Semantic Interoperability },
year = "2012",
}

@Article{aop,
author = {Kiczales and G., J. Lamping and A. Mendhekar and C. Maeda and C. Videira Lopes and J.-M. Loingtier and J. Irwin },
title = { Aspect-Oriented Programming},
journal = { Lecture Notes in Computer Science},
publisher = {Springer-Verlag},
year = "1997",
volume = "1241",
pages = {220-242},
month = {March}
}


@Article{MilesPerez,
   author = {Alistair Miles, José R. Pérez-Agüera},
   title = {SKOS:Simple Knowledge Organisation for the Web },
   year = "2007",
   journal = {Cataloging and Classification Quarterly},
    volume = { 43:3-4},
    pages = {69-83},
    url = {http://dx.doi.org/10.1300/J104v43n03_04},
}

@ARTICLE{EurHea,
    author = {European Commission},
    title = {Semantic Health Report  Research and Deployment Roadmap},
    journal = {European Commission Information Society and Media},
    url = {http://ec.europa.eu/information_society/activities/health/docs/publications/2009/2009semantic-health-report.pdf},
    year = {2009},
}

@ARTICLE{MarcheseEmergResp,
    author = {Maurizio Marchese, Nardine Osman, Lorenzino Vaccari, Gaia Trecarichi, Fiona McNeill, Paulo Besana},
    title = {An interaction-centric approach to support peer coordination in distributed emergency response management},
    journal = {Open Knowledge},
    year = {2009},
}


@ARTICLE{Gruber93,
    author = {Thomas R. Gruber},
    title = {A translation approach to portable ontology specifications},
    journal = {KNOWLEDGE ACQUISITION},
    year = {1993},
    volume = {5},
    pages = {199--220}
}

@ARTICLE{GrunOntMan,
    author = {Gruninger, M},
    title = { The Ontological Stance for a Manufacturing Scenario},
    journal = {Journal of Cases in Information Systems},
    year = {2009},
    url = {http://stl.mie.utoronto.ca/publications/stance.doc},
}

@ARTICLE{SiebesOpenK,
    author = {Ronny Siebes, Dave Dupplaw, Spyros Kotoulas, Adrian Perreau de Pinninck, Frank van Harmelen, David Robertson},
    title = { The OpenKnowledge System : An Interaction-Centered Approach to Knowledge Sharing},
    year = {2007},
    url = {http://www.openk.org},
}

@ARTICLE{techsp,
    author = {Ivan Kurtev and Jean Bezivin and Frederic Jouault and Patrick Valduriez},
    title = { Model based DSL Frameworks},
    year = {2006},
    journal = {OOPSLA},
}

@book{SIKal,
  author = { Yannis Kalfoglou},
  isbn = {978-1-60566-894-9},
  publisher = {The MIT Press},
  title = {Cases on Semantic Interoperability for Information Systems Integration: Practices and Applications},
  year = "2009",
}



@book{Alloy,
  author = {Jackson, Daniel},
  isbn = {0262101149},
  publisher = {The MIT Press},
  title = {Software Abstractions},
  year = "2006",
}

@book{OOBook,
  author = {Meyer, Bertrand},
  isbn = {0136291554.},
  publisher = {Prentice Hall},
  title = {Object Oriented Software Construction - second edition},
  year = "1998",
}

@book{handl,
  author = {Deborah McGuinness, Daniel Nardi, Peter Patel-Schneider},
  isbn = {9780521781763},
  publisher = {Cambridge University Press},
  title = {The Description Logic Handbook},
  year = "2003",
  month = "January",
}

@book{SemWebMDE,
  author = {Fernando Silva Parreiras},
  isbn = {9781118004173},
  publisher = {Wiley IEEE Press},
  title = {Semantic Web and Model-Driven Engineering},
  year = "2012",
}


@book{PollHodg,
  author = {Jeffrey T. Pollock; Ralph Hodgson},
  isbn = {978-0-471-48854-5},
  publisher = {Wiley-Interscience},
  title = {Adaptive Information Improving Business Through Semantic Interoperability, Grid Computing, and Enterprise Integration},
  year = "2004",
}

@book{Kajan,
  author = { Ejub Kajan},
  isbn = {1-60960-485-7},
  publisher = { IGI Global},
  title = {Electronic Business Interoperability},
  year = "2011",
}

@book{LazSiaIoan,
  author = { Athina Lazakidou; Konstantinos Siassiakos; Konstantinos Ioannou},
  isbn = {1-61520-805-4},
  publisher = { IGI Global},
  title = {Wireless Technologies for Ambient Assisted Living and Healthcare},
  year = "2010",
}

@Article{garcia05,
author = {Ronald Garcia and Jaakko J\"arvi and Andrew Lumsdaine and Jeremy G. Siek and Jeremiah Willcock},
title = {An Extended Comparative Study of Language Support for Generic Programming},
journal = {Journal of Functional Programming},
year = 2007,
volume = 17,
issue = 2,
month = {March}
}

@book{Czarnecki,
 author = {Czarnecki, Krzysztof and Eisenecker, Ulrich W.},
 title = {Generative programming: methods, tools, and applications},
 year = {2000},
 isbn = {0-201-30977-7},
 publisher = {ACM Press/Addison-Wesley Publishing Co.},
 address = {New York, NY, USA},
} 

@book{ChhKumar,
  author = { Susheel Chhabra, Muneesh Kumar},
  isbn = {978-1-60566-240-4},
  publisher = { IGI Global},
  title = {Integrating E-Business Models for Government Solutions: Citizen-Centric Service Oriented Methodologies and Processes},
  year = "2009",
}


@misc{AgHealth,
  title = {Agency for Healthcare Research and Quality- United States Health Information Knowledgebase},
  url="http://ushik.ahrq.gov/mdr/portals/"
}


@misc{ebXML,
  title = { ebXML (Electronic Business using eXtensible Markup Language), is a modular suite of specifications relating to the storage and use of XML},
  url="http://www.ebxml.org/"
}

@misc{mcf,
  author = { Ramanathan V. Guha },
  title = {Metacontent Framwork},  
  url="http://www.guha.com/mcf/",
  howpublished = "\url{http://www.guha.com/mcf/}",
}

@misc{openDataWhitePaper,
  author = {data.gov.uk},
  title = {White Paper},  
  url="http://data.gov.uk/library/open-data-white-paper",
  howpublished = "\url{http://data.gov.uk/library/open-data-white-paper}",
}

@misc{swrl,
  author = {W3C},
  title = {SWRL: A Semantic Web Rule Language Combining OWL and RuleML},  
  url="http://www.w3.org/Submission/SWRL/",
  howpublished = "\url{http://www.w3.org/Submission/SWRL/}",
}

@misc{jena,
  author = {W3C},
  title = {Apache Jena™ is a Java framework for building Semantic Web applications.},  
  url="http://jena.apache.org/",
  howpublished = "\url{http://jena.apache.org/}",
}

%-----------------------------------------------------------------------
@misc{ISO11179,
  author = {ISO},
  title = {International Standard for Metadata Registries},  
  url="http://metadata-standards.org/11179/",
  howpublished = "\url{http://metadata-standards.org/11179/}",
}
@article{ArtaleOCLLite,
 author = {Queralt, Anna and Artale, Alessandro and Calvanese, Diego and Teniente, Ernest},
 title = {OCL-Lite: Finite reasoning on UML/OCL conceptual schemas},
 journal = {Data Knowl. Eng.},
 issue_date = {March, 2012},
 volume = {73},
 month = mar,
 year = {2012},
 issn = {0169-023X},
 pages = {1--22},
 numpages = {22},
 publisher = {Elsevier Science Publishers B. V.},
 address = {Amsterdam, The Netherlands, The Netherlands},
 keywords = {CASE tools+UML, Description Logics, OCL constraints, Reasoning},
} 

@incollection(UMLZ,
  author = "Nuno Amlio and Fiona Polack and Susan Stepney",
  title = "UML and Z: UML augmented with Z",
)

@incollection {roz,
   author = {Dupuy, Sophie and Ledru, Yves and Chabre-Peccoud, Monique},
   title = {An Overview of RoZ : A Tool for Integrating UML and Z Specifications},
   booktitle = {Advanced Information Systems Engineering},
   series = {Lecture Notes in Computer Science},
   editor = {Wangler, Benkt and Bergman, Lars},
   publisher = {Springer Berlin / Heidelberg},
   isbn = {978-3-540-67630-0},
   keyword = {Computer Science},
   pages = {417-430},
   volume = {1789},
   year = {2000}
}

@article{DLLite,
 author = { Artale, Alessandro and Calvanese, Diego},
 title = { The DL-Lite Family and Relations},
 journal = {Journal of Artificial Intelligence Research},
 volume = {36},
 pages = {1--69},
 year = {2009},
 publisher = {KRDB Research Centre Free University of Bozen-Bolzano Piazza Domenican},
 address = {3 I-39100 Bolzano, Italy},
 keywords = { Description Logics, OCL constraints, Reasoning},
} 
@Article{DSLOnt,
author = { Walter, T., Parreiras, F. S., Staab, S},
title = {An ontology-based framework for domain-specific modeling },
journal = { Software and Systems Modeling},
publisher = {Springer-Verlag},
year = "2012",
}

@Article{FODAFeas,
author = {Kyo C. Kang, Sholom G. Cohen,James A. Hess, William E. Novak, Spencer Peterson},
title = {Feature-Oriented Domain Analysis (FODA) Feasibility Study },
journal = { Technical Report},
publisher = {Carnegie Mellon University},
year = "1990",
}

@book{Derrick,
author = {Derrick, John and Boiten, Eerke},
title = {{Refinement in Z and Object-Z: foundations and advanced applications}},
year = {2001},
isbn = {1-85233-245-X},
publisher = {Springer-Verlag},
address = {London, UK, UK},
} 

@book{UsingZ,
 author = {J. Woodcock and J. Davies},
 title = {{Using Z}}, 
 publisher = {Prentice Hall},
 year = {1996}, 
 note = {www.usingz.com}
}


% ------------------------------------------------------------------------
@book{SzyperskiGruntz,
  author = {Clemens Szyperski and Dominik Gruntz and Stephan Murer},
  title = {Component Software},
  publisher = {ACM Press},
  year = 2002,
}

@Article{semvar,
author = {Mohabbati, Bardia, Kaviani, Nima,  Gašević, Dragan},
title = {Semantic Variability Modeling for Multi-staged Service Composition },
publisher = {Carnegie Mellon University},
year = "2009",
}

@Article{semmdm,
author = {Frederick Benaben and Nicolas Boissel-Dallier and Herve Pingaud and Jean-Pierre Lorre },
title = {Semantic issues in model-driven management of information system interoperability },
journal = {International Journal of Computer Integrated Manufacturing},
year = "2012",
}

@Article{kbsysBen,
author = {Frederick Benaben and Herve Pingaud and Jean-Pierre Lorre and Vatcharaphun Rajsiri },
title = {Knowledge-based system for Collaberative Process Specification },
journal = {Computers in Industry},
year = "2010",
}

@Article{semont,
author = {Xiaogang Maa , Emmanuel John Carranza , Chonglong Wub, Freek van der Meer},
title = {Ontology-aided annotation, visualization, and generalization of geological time-scale information from online geological map services },
journal = {Elsevier},
year = "2011",
}


@incollection{SemFrame,
year={2010},
isbn={978-3-642-11658-2},
booktitle={Distributed Computing and Internet Technology},
volume={5966},
series={Lecture Notes in Computer Science},
editor={Janowski, Tomasz and Mohanty, Hrushikesha},
doi={10.1007/978-3-642-11659-9_4},
title={Semantic Frameworks—Meanings in the Architecture},
url={http://dx.doi.org/10.1007/978-3-642-11659-9_4},
publisher={Springer Berlin Heidelberg},
author={Davies, Jim and Gibbons, Jeremy},
pages={40-54}
}

%---------------------------------------------------------
@inproceedings{ModForms,
 author = {Abler, Daniel and Crichton, Charles and Welch, James and Davies, Jim and Harris, Steve},
 title = {Models for forms},
 booktitle = {Proceedings of the compilation of the co-located workshops on DSM'11, TMC'11, AGERE!'11, AOOPES'11, NEAT'11, \&\#38; VMIL'11},
 series = {SPLASH '11 Workshops},
 year = {2011},
 isbn = {978-1-4503-1183-0},
 location = {Portland, Oregon, USA},
 pages = {13--18},
 numpages = {6},
 url = {http://doi.acm.org/10.1145/2095050.2095054},
 doi = {10.1145/2095050.2095054},
 acmid = {2095054},
 publisher = {ACM},
 address = {New York, NY, USA},
 keywords = {data capture, forms, metamodel, semantic interoperability},
} 

@Article{semgis,
author = { Aris Ouksel, Amit Sheth},
title = {Semantic Interoperability in Global Information Systems },
year = "1999",
journal = {SIGMOD Record},
publisher = {SIGMOD},
volume = {28},
pages = { 5-12},
}

@Article{semws,
author = { Kunal Verma, Kaarthik Sivashanmugam, Amit Sheth, Abhijit Patil, Swapna Oundhakar, John Miller},
title = {METEOR-S WSDI: A scalable P2P infrastructure of registries for semantic publication and discovery of web services },
year = "2005",
journal = {Information Technology and Management},
publisher = {Springer Netherlands},
month = {January},
volume = {6},
pages = { 17-39},
}

@article{semPer,
    author = {Cory Henson, Amit Sheth, Krishnaprasad Thirunarayan},
    journal = {Internet Computing, IEEE},
    publisher = {IEEE},
    title = {Semantic Perception: Converting Sensory Observations to Abstractions},
    year = {2012},
    month = {03},
    volume = {16},
    pages = {26-34},
} 

@article{semTrop,
    author = {Priti Parikh, Todd A Minning, Vinh Nguyen,  Sarasi Lalithsena,  Amir Asiaee,  Satya Sahoo, Prashant Doshi, Rick Tarleton,  Amit Sheth},
    journal = {PLoS Negl Trop Dis},
    publisher = {Public Library of Science},
    title = {A Semantic Problem Solving Environment for Integrative Parasite Research: Identification of Intervention Targets for Trypanosoma cruzi},
    year = {2012},
    month = {01},
    volume = {6},
} 

@Article{GiunSemMatch,
author = { Fausto Giunchiglia, Fiona McNeill, Mikalai Yatskevich, Juan Pane, Paolo Besana, and Pavel Shvaiko},
title = {Approximate Structure-Preserving Semantic Matching},
journal = {OTM 2008},
publisher = {Spring-verlag},
year = "2008",
volume = {LNCS 5332},
pages = { 1217–1234},
}


@Article{ParrWaltStaab,
   author = {Tobias Walter, Fernando Silva Parreiras, Steffen Staab},
   title = {An ontology-based framework for domain-specific modeling },
   year = "2012",
   publisher = {Springer Verlag},
   journal = {Software Systems Modeling},
}

@Article{FrameMinski,
   author = {Marvin Minski},
   title = {A Framework for Representing Knowledge },
   year = "1974",
   journal = {MIT-AI Laboratory Memo},
    volume = { 306},
    month = {June},
    pathl = {http://web.media.mit.edu/~minsky/papers/Frames/frames.html},
    howpublished = "\url{http://web.media.mit.edu/~minsky/papers/Frames/frames.html}",
}


@Article{mafra,
author = {Alexander Maedche, Boris Motik, Nuno Silva, Raphael Volz},
title = {MAFRA - A Mapping Framework for Distributed Ontologies in the Semantic Web },
journal = {ACM},
year = "2002",
}

@Article{Semsur,
author = {Sandra Heiler},
title = {Semantic Interoperability },
journal = {ACM Computmg Surveys,},
year = "1995",
month = {June},
}

@book{siegel1991metadata,
  title={A metadata approach to resolving semantic conflicts},
  author={Siegel, M.D. and Madnick, S.E.},
  year={1991},
  publisher={International Financial Services Research Center, Sloan School of Management, Massachusetts Institute of Technology}
}


@Article{IntSWOwl,
author = {Raul Garcia-Castro, Asuncion Gomez-Perez},
title = {Inbteroperability results for Semantic Web technologies using OWL as the interchange language },
publisher = {Elsevier},
year = "2010",
journal = {Web Semantics: Science, Services and Agents on the World Wide Web},
month = {September},
 pages = {278-291},
}


@misc{MOF1,
author = {OMG},
title = {OMG's MetaObject Facility},  
url="http://www.omg.org/mof/",
}

@misc{UML1,
author = {OMG},
title = {OMG's Unified Modeling Language},  
url={"http://www.uml.org/"},
}

@misc{UML2.5,
author={OMG},
title={OMG Unified Modeling Language},
url={``http://www.omg.org/spec/UML/2.5/Beta2/''},
year = {"2013"},
pages = { 50}
}


@misc{Owlim,
  author = {Ontotext AD},
  title = {OWLIM - A Commercial RDF/OWL Repository},  
  url="http://www.ontotext.com/owlim",
  howpublished = "\url{http://www.ontotext.com/owlim}",
}

@misc{DCOM,
  author = {Microsoft},
  title = {Distributed Component Object Model (DCOM) Remote Protocol Specification},  
  url="http://msdn.microsoft.com/library/cc201989.aspx",
  howpublished = "\url{http://msdn.microsoft.com/library/cc201989.aspx}",
}


@misc{smatch,
  author = {
  Fausto Giunchiglia,Aliaksandr Autayeu,Juan Pane,Veronica Rizzi},
  title = {S-Match - A Semantic Matching Framework},  
  url="http://semanticmatching.org",
  howpublished = "\url{http://semanticmatching.org}",
}

@misc{MDE,
        author ={Wikipedia },
        title = {Model Driven Engineering - Wikipedia},
        journal = {Wikipedia},
        publisher={ Wikipedia},
        year = "2012",
        url="http://en.wikipedia.org/wiki/Model-driven_engineering",
        howpublished = "\url{http://en.wikipedia.org/wiki/Model-driven_engineering}",
}

@misc{MDA,
        author ={OMG },
        title = {Model Driven Architecture},
        journal = {OMG},
        publisher={ OMG},
        year = "2003",
        url="http://www.omg.org/mda/",
        howpublished = "\url{http://www.omg.org/mda/}",
}

@misc{SemIntIBM,
  author = {Mei Y. Selvage,Dan Wolfson ,Bob Zurek ,Ed Kahan},
  title = {Achieve semantic interoperability in a SOA},  
  publisher = {IBM Developer Works},
  year = {2006},
  url="http://www.ibm.com/developerworks/webservices/library/ws-soa-seminterop/index.html",
  howpublished = "\url{http://www.ibm.com/developerworks/webservices/library/ws-soa-seminterop/index.html}",
}

@misc{CVL,
  author = {OMG},
  title = {Common Variability Language},  
  publisher = {OMG},
  year = {2012},
  url="http://www.omgwiki.org/variability/doku.php?id=introduction_to_variability_modeling",
howpublished = "\url{http://www.omgwiki.org/variability/doku.php?id=introduction_to_variability_modeling}",
}


@misc{seinst,
  author = {SEI},
  title = {Software Engineering Institute},  
  url="http://www.sei.cmu.edu/",
howpublished = "\url{http://www.sei.cmu.edu/}",
}

@misc{sesame,
  author = {OpenRDF},
  title = {Sesame -  a Java framework for building Semantic Web applications},  
  url="http://www.openrdf.org/",
  howpublished = "\url{http://www.openrdf.org/}",
}

@misc{RDF,
  author = {W3C},
  title = {Resource Description Framework},  
  url="http://www.w3.org/RDF/",
howpublished = "\url{http://www.w3.org/RDF/}",
}
@misc{topicmaps,
  author = {SC34/WG3},
  title = {Topic Maps ISO Standard},  
  url="http://www.isotopicmaps.org/",
howpublished = "\url{http://www.isotopicmaps.org/}",
}

@misc{OpenK,
  author = {OMG},
  title = {Open Knowledge Project},  
  url="http://www.openk.org",
howpublished = "\url{http://www.openk.org/}",
}
@misc{tbl,
  author = {Tim Berners Lee},
  title = {International Standard for Metadata Registries},  
  url="http://www.w3.org/DesignIssues/LinkedData.html",
  howpublished = "\url{http://www.w3.org/DesignIssues/LinkedData.html}",
  year="2006",
}
@misc{EuIS,
  author = {European Information Society},
  publisher = {European Information Society},
  title = {Semantic Interoperability for Better Health and Safer Healthcare},  
  url="http://ec.europa.eu/information_society/activities/health/docs/publications/2009/2009semantic-health-report.pdf",
howpublished = "\url{http://ec.europa.eu/information_society/activities/health/docs/publications/2009/2009semantic-health-report.pdf/}",
}


@incollection{Shasha:TreeEdit,
  added-at = {2007-09-26T11:57:26.000+0200},
  author = {Shasha, D. and Zhang, K.},
  booktitle = {Pattern Matching Algorithms},
  date-added = {2006-08-22 12:59:07 +0200},
  date-modified = {2006-08-22 13:00:10 +0200},
  description = {Some references related to aspect mining},
  keywords = {imported},
  pages = {341-371},
  publisher = {Oxford University Press},
  title = {Approximate tree pattern matching},
  year = 1997
}
@inproceedings{MotikHorrOWLLP,
 author = {Motik, Boris and Horrocks, Ian and Rosati, Riccardo and Sattler, Ulrike},
 title = {Can OWL and logic programming live together happily ever after?},
 booktitle = {Proceedings of the 5th international conference on The Semantic Web},
 series = {ISWC'06},
 year = {2006},
 isbn = {3-540-49029-9, 978-3-540-49029-6},
 location = {Athens, GA},
 pages = {501--514},
 numpages = {14},
 acmid = {2127082},
 publisher = {Springer-Verlag},
 address = {Berlin, Heidelberg},
} 

@misc{alloy,
  title = {MIT Software Design Group},  
  url="http://alloy.mit.edu",
  howpublished = "\url{http://alloy.mit.edu}",
  year="2012",
}

@misc{OMG,
  author = {Object Management Group},
  title = {Object Management Group},  
  url="http://www.omg.org",
 howpublished = "\url{http://www.omg.org/}",
year={2012},
}

%-------------------------------CHAPTER 2--------------------------
@article{greenhalgh2008summary,
  title={Summary care record early adopter programme: an independent evaluation by University College London.},
  author={Greenhalgh, T. and Stramer, K. and Bratan, T. and Byrne, E. and Russell, J. and Mohammad, Y. and Wood, G. and Hinder, S.},
  year={2008},
  publisher={University College London}
}
@booklet{DoH_retention_policy,
	Author = {DH/Digital Information Policy},
	Date-Added = {2012-08-09 12:30:56 +0000},
	Date-Modified = {2012-08-09 12:32:48 +0000},
	Month = {March},
	Title = {Records Management: NHS Code of Practice},
	Year = {2006}
}
@article{european2001directive,
  title={Directive 2001/83/EC of the European Parliament and of the Council of 6 November 2001 on the Community code relating to medicinal products for human use},
  author={European Commission and others},
  journal={OJ L},
  volume={311},
  number={28.11},
  pages={2001},
  year={2001}
}
@article{Erstad200351,
	Abbrev_Source_Title = {J Healthc Inf Manag},
	Abstract = {A wide-ranging literature review of computer-based patient record (CPR) implementation over the past decade reveals that clinical, workflow, administrative, and revenue enhancement benefits of the CPR outweigh barriers and challenges--but only if healthcare organizations redesign certain work processes. Among other key efforts, organizations must train and motivate users to navigate CPR systems, as well as develop a common structured language. Clinicians who used CPRs found that electronic access to clinical information saves time and provides a thorough and efficient way to manage patient information.},
	Author = {Erstad, T.L.},
	Correspondence_Address = {Erstad, T.L.},
	Document_Type = {Review},
	Issn = {1099811X},
	Journal = {Journal of healthcare information management : JHIM},
	Keywords = {decision support system; disease management; economics; evaluation; human; mass communication; medical record; organization and management; review; task performance; United States, Decision Support Systems, Clinical; Diffusion of Innovation; Disease Management; Efficiency, Organizational; Evaluation Studies; Humans; Medical Records Systems, Computerized; United States; Work Simplification},
	Language = {English},
	Note = {cited By (since 1996) 32},
	Number = {4},
	Pages = {51-57},
	Pubmed_Id = {14558372},
	Source = {Scopus},
	Title = {Analyzing computer based patient records: a review of literature.},
	Volume = {17},
	Year = {2003}
}

@booklet{NHS_operating_framework_09_10,
	Author = {DH/NHS Finance, Performance \& Operations},
	Date-Added = {2012-08-09 12:33:27 +0000},
	Date-Modified = {2012-08-09 12:55:06 +0000},
	Institution = {NHS Finance, Performance \& Operations Directorate},
	Month = {December},
	Title = {The Operating Framework for 2009/10 for the NHS in England},
	Year = {2008}
	}

@booklet{OECDGSF2011,
	Address = {www.oecd.org/dataoecd/31/8/49344626.pdf},
	Author = {OECD Global Science Forum},
	Howpublished = {PDF},
	Title = {Facilitating International Cooperation in Non-Commercial Clinical Trials},
	Year = {2011}
}

%---------------------------------------------------------

@book{evans2004domain,
	title={Domain-driven design: tackling complexity in the heart of software},
	author={Evans, Eric},
	year={2004},
	publisher={Addison-Wesley Professional}
}

@article{chen1976entity,
	title={The entity-relationship model—toward a unified view of data},
	author={Chen, Peter Pin-Shan},
	journal={ACM Transactions on Database Systems (TODS)},
	volume={1},
	number={1},
	pages={9--36},
	year={1976},
	publisher={ACM}
}


@inproceedings{canovas:hal-00974938,
	hal_id = {hal-00974938},
	url = {http://hal.inria.fr/hal-00974938},
	title = {{Composing JSON-based Web APIs}},
	author = {Canovas, Javier and Cabot, Jordi},
	language = {English},
	affiliation = {ATLANMOD - INRIA - EMN , LINA},
	booktitle = {{International Conference on Web Engineering}},
	address = {Toulouse, France},
	audience = {international },
	year = {2014},
	month = Jul,
	pdf = {http://hal.inria.fr/hal-00974938/PDF/29.pdf},
}

@incollection{keet2007enhancing,
	title={Enhancing comprehension of ontologies and conceptual models through abstractions},
	author={Keet, C Maria},
	booktitle={AI* IA 2007: Artificial Intelligence and Human-Oriented Computing},
	pages={813--821},
	year={2007},
	publisher={Springer}
}

@article{giunchiglia1992theory,
	title={A theory of abstraction},
	author={Giunchiglia, Fausto and Walsh, Toby},
	journal={Artificial Intelligence},
	volume={57},
	number={2},
	pages={323--389},
	year={1992},
	publisher={Elsevier}
}

@misc{fraleighfirst,
	title={A First Course in Abstract Algebra. 2003},
	author={Fraleigh, JB},
	publisher={Addison-Wesley, Boston}
}

@book{martin1994object,
	title={Object-oriented methods},
	author={Martin, James and Odell, James J},
	year={1994},
	publisher={Prentice hall PTR}
}

@book{Denning:1978,
	author = {Denning, Peter J. and Dennis, Jack B. and Qualitz, Joseph E.},
	title = {Machines, Languages and Computation},
	year = {1978},
	isbn = {0135422582},
	publisher = {Prentice Hall Professional Technical Reference},
} 


@book{Gonzalez-Perez:2008:MSE:1502365,
	author = {Gonzalez-Perez, Cesar and Henderson-Sellers, Brian},
	title = {Metamodelling for Software Engineering},
	year = {2008},
	isbn = {0470030364, 9780470030363},
	publisher = {Wiley Publishing},
} 

@misc{OMGMOF,
	author = {Object Management Group},
	title = {Object Management Group},
	url="http://www.omg.org/spec/MOF//",
	year={April 2014},
}

@INPROCEEDINGS{Atkinson97,
	author={Atkinson, C.},
	booktitle={Enterprise Distributed Object Computing Workshop [1997]. EDOC '97. Proceedings. First International},
	title={Meta-modelling for distributed object environments},
	year={1997},
	month={Oct},
	pages={90-101},
	keywords={distributed processing;object-oriented programming;ActiveXI DCOM;CORBA;distributed object environments;meta-meta-models;meta-modelling;meta-models;Concrete;Metamodeling;Object oriented modeling;Proposals;Unified modeling language},
	doi={10.1109/EDOC.1997.628350},}

@book{ullmann1962semantics,
	title={Semantics: an introduction to the science of meaning},
	author={Ullmann, Stephen},
	year={1962},
	publisher={Barnes \& Noble}
}

@article {Seidowitz2,
	author = {Seidowitz, E},
	title = {What Models Mean},
	journal = {IEEE Software},
	publisher = {IEEE},
	year = {2003}
}


@book{ogden1946meaning,
	title={The meaning of meaning},
	author={Ogden, Charles Kay and Richards, Ivor Armstrong and Malinowski, Bronislaw and Crookshank, Francis Graham},
	year={1946},
	publisher={Harcourt,  Brace \& World New York}
}

@book{henderson2012mathematics,
	title={On the mathematics of modelling, metamodelling, ontologies and modelling languages},
	author={Henderson-Sellers, Brian},
	year={2012},
	publisher={Springer}
}


=====================================================================================
@inproceedings{McComb,
	author    = {Tim McComb and
	Graeme Smith},
	title     = {Compositional Class Refinement in {Object-Z}},
	booktitle = {Proceedings of FM 2006},
	publisher = {Springer},
	series =   {LNCS},
	year      = {2006},
}

@misc{Wirfs-Brock,
	author = {Rebecca Wirfs-Brock},
	title = {Responsibility-driven Design},
	year = 1991,
	howpublished = {\emph{The Smalltalk Report}},
}



@article {Smith,
	author = {Smith, Graeme},
	title = {A fully abstract semantics of classes for {Object-Z}},
	journal = {Formal Aspects of Computing},
	publisher = {Springer London},
	volume = {7},
	issue = {3},
	year = {1995}
}

@article {Cavalcanti,
	author = {Cavalcanti, Ana and Sampaio, Augusto and Woodcock, Jim},
	title = {Unifying classes and processes},
	journal = {Software and Systems Modeling},
	publisher = {Springer},
	volume = {4},
	issue = {3},
	year = {2005}
}

@book{frankel2003model,
	title={{M}odel {D}riven {A}rchitecture: applying {MDA} to enterprise computing},
	author={Frankel, D.},
	isbn={9780471319207},
	lccn={2002014914},
	series={{OMG} Series},
	year={2003},
	publisher={Wiley}
}

@Book{MDA-proposal,
	author = "A. Kleppe and J. Warmer and W. Bast", 
	title = {{MDA Explained, The Model Driven Architecture: Practice
	and Promise}}, 
	publisher = "Addison-Wesley",
	year =   "2003"
}

@article{liskov94behavioral,
	author = {Barbara Liskov and Jeannette Wing},
	title = {A Behavioral Notion of Subtyping},
	journal = {ACM Transactions on Programming Languages and Systems},
	volume = {16},
	number = {6},
	year = {1994},
}

@book{JavaBeans,
	author = {Matena, Vlada and Stearns, Beth and Demichiel, Linda},
	title = {{Applying Enterprise JavaBeans: Component-Based Development
	for J2EE}},
	year = 2003,
	publisher = {Pearson},
} 

@article{SBMF2006,
	title = "Domain-specific Semantics and Data Refinement of Object Models",
	author = "Jim Davies and David Faitelson and James Welch",
	year = "2008",
	journal = "ENTCS",
	volume = "195",
}

@inproceedings{SBMF2005,
	title = "From Predicates to Programs",
	author = "David Faitelson and James Welch and Jim Davies",
	year = "2007",
	booktitle = "Proceedings of SBMF 2005",
	journal = "ENTCS",
	volume = "184",
}

@article{SCPsubmission,
	title = "Model-driven Engineering of Information Systems: 10 years
	and 1000 versions", 
	author = "Jim Davies and James Welch and Edward Crichton",
	year = "2012",
	note = "under review",
	journal = "Science of Computer Programming",
}

@book{Meyer,
	author = {Meyer, Bertrand},
	publisher = {Prentice Hall},
	title = {{Object-Oriented Software Construction}},
	year = {2000}
}



@book{SzyperskiGruntz,
	author = {Clemens Szyperski and Dominik Gruntz and Stephan Murer},
	title = {Component Software},
	publisher = {ACM Press},
	year = 2002,
}

@article{Dijkstra,
	author = {Dijkstra, Edsger W.},
	title = {Guarded commands, nondeterminacy and formal derivation of programs},
	journal = {Commun. ACM},
	issue_date = {Aug. 1975},
	volume = {18},
	number = {8},
	month = aug,
	year = {1975},
	issn = {0001-0782},
	publisher = {ACM},
	address = {New York, NY, USA},
} 

@book{UMLReference,
	title = {The Unified Modeling Language Reference Manual},
	author = {James Rumbaugh and Ivar Jacobson and Grady Booch},
	publisher = {Addison-Wesley Professional},
	year = {2004},
	isbn = {978-0-321-24562-5},
}

@article{sosym2008,
	title = "Automatic Maintenance of Association Invariants",
	author = "James Welch and David Faitelson and Jim Davies",
	year = "2008",
	issn = "1619-1366",
	journal = "Software and Systems Modeling ",
	publisher = "Springer Berlin / Heidelberg",
	doi = "10.1007/s10270-008-0085-0",
}

@inproceedings{iceccs,
	title = "On the Generation of Object Databases using {B}ooster",
	author = "Jim Davies and James Welch and Alessandra Cavarra and Edward Crichton",
	year = "2006",
	booktitle = "Proceedings of the 11th IEEE Conference on the Engineering of Complex Computer Systems (ICECCS 2006)",
	publisher = "IEEE Computer Society",
}


@inproceedings{MDDM2010,
	title = "Model-Driven Data Migration",
	author = "Mohammed A. Aboulsamh and Edward Crichton and Jim Davies and James Welch",
	year = "2010",
	booktitle = "Advances in Conceptual Modeling - Applications and Challenges, ER 2010 Workshops ACM-L, CMLSA, CMS, DE@ER, FP-UML, SeCoGIS,
	WISM, Vancouver, BC, Canada, November 1-4, 2010.",
	isbn = "978-3-642-16384-5",
	series = "Lecture Notes in Computer Science",
	volume = "6413",
	doi = "10.1007/978-3-642-16385-2_35",
}

@inproceedings{TASE2010,
	title = "A Guarded Workflow Language and Its Formal Semantics",
	author = "Chen-Wei Wang and Jim Davies and James Welch",
	year = "2010",
	address = "Los Alamitos, CA, USA",
	isbn = "978-0-7695-4148-8",
	journal = "Theoretical Aspects of Software Engineering, Joint IEEE/IFIP Symposium on",
	publisher = "IEEE Computer Society",
	doi = "10.1109/TASE.2010.21",
}

@book{ObjectZSpecs00,
	author = {Graeme Smith},
	title = {The {Object-Z} Specification Language},
	publisher = {Kluwer},
	year = 2000,
}

@book{Szyperski,
	author = {Szyperski, Clemens},
	title = {Component Software: Beyond Object-Oriented Programming},
	year = {2002},
	edition = {2nd},
	publisher = {Addison-Wesley},
} 


@article{Beck:1989:LTO:74878.74879,
	author = {Beck, K. and Cunningham, W.},
	title = {A laboratory for teaching object oriented thinking},
	journal = {SIGPLAN Not.},
	issue_date = {Oct. 1989},
	volume = {24},
	number = {10},
	month = sep,
	year = {1989},
	issn = {0362-1340},
	doi = {10.1145/74878.74879},
	acmid = {74879},
	publisher = {ACM},
	address = {New York, NY, USA},
} 


@incollection {ClemensFisher,
	author = {Fischer, Clemens},
	title = {{How to combine Z with a process algebra}},
	booktitle = {Proceedings of ZUM ’98},
	series = {LNCS},
	publisher = {Springer},
	volume = 1493,
	year = 1998
}


@incollection {springerlink:10.1007/3-540-45499-3_33,
	author = {Fischer, Clemens and Wehrheim, Heike},
	affiliation = {Fachbereich Informatik, Universität Oldenburg, Postfach 2503, D-26111 Oldenburg, Germany},
	title = {Behavioural Subtyping Relations for Object-Oriented Formalisms},
	booktitle = {Algebraic Methodology and Software Technology},
	series = {Lecture Notes in Computer Science},
	editor = {Rus, Teodor},
	publisher = {Springer Berlin / Heidelberg},
	isbn = {978-3-540-67530-3},
	keyword = {Computer Science},
	volume = {1816},
	note = {10.1007/3-540-45499-3_33},
	year = {2000}
}

@INPROCEEDINGS{Back94tracerefinement,
	author = {R. J. R. Back and J. von Wright},
	title = {Trace Refinement of Action Systems},
	booktitle = {Structured Programming},
	year = {1994},
	publisher = {Springer-Verlag}
}

@INPROCEEDINGS{Barnett04friendsneed,
	author = {Mike Barnett and David A. Naumann},
	title = {Friends need a bit more: Maintaining invariants over shared state},
	booktitle = {MPC, volume 3125 of LNCS},
	year = {2004},
	pages = {54--84},
	publisher = {Springer}
}

@article{DBLP:journals/fac/ButlerM95,
	author    = {Michael J. Butler and Carroll Morgan},
	title     = {Action Systems, Unbounded Nondeterminism, and Infinite
	Traces},
	journal   = {Formal Asp. Comput.},
	volume    = {7},
	number    = {1},
	year      = {1995},
	ee        = {http://dx.doi.org/10.1007/BF01214622},
	bibsource = {DBLP, http://dblp.uni-trier.de}
}

@INPROCEEDINGS{Mahony97blendingobject-z,
	author = {Brendan Mahony and Jin Song Dong},
	title = {{Blending Object-Z and Timed CSP: An introduction to TCOZ}},
	booktitle = {Proceedings of ICSE’98},
	year = {1998},
	publisher = {IEEE Press}
}

@book{Warmer_Kleppe_1998, 
	title={{The Object Constraint Language: Precise Modeling with UML}}, 
	publisher={Addison-Wesley}, 
	author={Warmer, Jos and Kleppe, Anneke}, 
	year={1998}, 
}

@book{Warmer:2003:OCL:861416,
	author = {Warmer, Jos and Kleppe, Anneke},
	title = {{The Object Constraint Language: Getting Your Models Ready for MDA}},
	year = 2003,
	publisher = {Addison-Wesley},
} 

@incollection {Miarka,
	author = {Miarka, Ralph and Boiten, Eerke and Derrick, John},
	affiliation = {University of Kent Computing Laboratory Canterbury CT2 7NF UK},
	title = {Guards, Preconditions, and Refinement in Z},
	booktitle = {Proceedings of ZB 2000},
	series = {LNCS},
	publisher = {Springer},
	volume = {1878},
	year = {2000}
}

@article{Borges, 
	title={Integrating UML and Formal Methods}, 
	volume={184}, 
	url={http://linkinghub.elsevier.com/retrieve/pii/S1571066107004379}, 
	journal={Electronic Notes in Theoretical Computer Science}, 
	publisher={Elsevier Science Publishers B. V.}, 
	author={Borges, R and Mota, A}, 
	year={2007}, 
}

@article{SoftwareEvolution, 
	title={Software Evolution with Refinement and Retrenchment}, 
	url={http://eprints.soton.ac.uk/257775/}, 
	journal={RCS'03: 2nd International Workshop on Refinement of Critical Systems: Methods, Tools and Developments, Turku, Finland}, 
	publisher={Department of Computer Science, �bo Akademi University, Turku, Finland}, 
	author={Poppleton, M and Groves, L}, 
	year={2003}, 
}

@incollection{Retrench1,
	year={1998},
	isbn={978-3-540-64405-7},
	booktitle={B’98: Recent Advances in the Development and Use of the B Method},
	volume={1393},
	series={Lecture Notes in Computer Science},
	editor={Bert, Didier},
	doi={10.1007/BFb0053358},
	title={Retrenchment: An engineering variation on refinement},
	url={http://dx.doi.org/10.1007/BFb0053358},
	publisher={Springer Berlin Heidelberg},
	author={Banach, R. and Poppleton, M.},
	pages={129-147}
}

@book{back1998refinement,
	title={Refinement calculus: a systematic introduction},
	author={Back, Ralph-Johan and Wright, Joakim},
	year={1998},
	publisher={springer Heidelberg}
}





@article{UMLrules,
	author ={C.Wilke and B.Demuth},
	title = {UML is still inconsistent ! How to improve OCL Constraints in the UML 2.3 superstructure},
	journal = {EASST Workshop},
	publisher={EASST },
	volume = "36",
	year = "2010",
}


@article{MeyerApp,
	author ={Meyer, Bertrand},
	title = {Applying Design by Contract},
	journal = {},
	publisher={Computer(IEEE) },
	volume = "25",
	year = "1992",
	pages = "40-51",
}

@incollection{rCOS,
	year={2005},
	isbn={978-3-540-29131-2},
	booktitle={Formal Methods for Components and Objects},
	volume={3657},
	series={Lecture Notes in Computer Science},
	editor={Boer, FrankS. and Bonsangue, MarcelloM. and Graf, Susanne and Roever, Willem-Paul},
	doi={10.1007/11561163_9},
	title={rCOS: Refinement of Component and Object Systems},
	url={http://dx.doi.org/10.1007/11561163_9},
	publisher={Springer Berlin Heidelberg},
	keywords={Object-Orientation; Component-Based Development; Refinement; Specification; Consistency},
	author={Liu, Zhiming and Jifeng, He and Li, Xiaoshan},
	pages={183-221}
}

@incollection{rCOSInterface,
	year={2013},
	isbn={978-3-642-39717-2},
	booktitle={Theoretical Aspects of Computing – ICTAC 2013},
	volume={8049},
	series={Lecture Notes in Computer Science},
	editor={Liu, Zhiming and Woodcock, Jim and Zhu, Huibiao},
	doi={10.1007/978-3-642-39718-9_10},
	title={An Interface Model of Software Components},
	url={http://dx.doi.org/10.1007/978-3-642-39718-9_10},
	publisher={Springer Berlin Heidelberg},
	author={Dong, Ruzhen and Zhan, Naijun and Zhao, Liang},
	pages={159-176}
}


@article{MeyerAriane,
	author ={Meyer, Bertrand},
	title = {Ariane: Design by Contract},
	journal = {Computer  (Volume:30 ,  Issue: 1 )},
	publisher={Computer(IEEE) },
	volume = "30",
	year = "1997",
}

@incollection{uml2alloy,
	year={2007},
	isbn={978-3-540-75208-0},
	booktitle={Model Driven Engineering Languages and Systems},
	volume={4735},
	series={Lecture Notes in Computer Science},
	editor={Engels, Gregor and Opdyke, Bill and Schmidt, DouglasC. and Weil, Frank},
	doi={10.1007/978-3-540-75209-7_30},
	title={UML2Alloy: A Challenging Model Transformation},
	url={http://dx.doi.org/10.1007/978-3-540-75209-7_30},
	publisher={Springer Berlin Heidelberg},
	author={Anastasakis, Kyriakos and Bordbar, Behzad and Georg, Geri and Ray, Indrakshi},
	pages={436-450}
}

@incollection{DesignVerification,
	year={2007},
	isbn={978-3-540-75220-2},
	booktitle={Formal Methods and Hybrid Real-Time Systems},
	volume={4700},
	series={Lecture Notes in Computer Science},
	editor={Jones, CliffB. and Liu, Zhiming and Woodcock, Jim},
	doi={10.1007/978-3-540-75221-9_18},
	title={Design Verification Patterns},
	url={http://dx.doi.org/10.1007/978-3-540-75221-9_18},
	publisher={Springer Berlin Heidelberg},
	author={Knudsen, John and Ravn, AndersP. and Skou, Arne},
	pages={399-413}
}

@book{UMLUserGuide, 
	title={{ The Unified Modeling Language User Guide}}, 
	publisher={Addison-Wesley}, 
	author={Booch, G., Rumbaugh, J, and Jacobson, I. }, 
	year={1999}, 
}

@book{PatternOriented, 
	title={{ Pattern-Oriented Software Architecture: A System of Patterns}}, 
	publisher={Wiley}, 
	author={Buschmann, F., Meunier, R., Rohnert, H., Sommerlad, P., and Stal, M. }, 
	year={1996}, 
}
















